%!TEX root = main.tex

@inproceedings{gousios2012ghtorent,
  title={{GHTorrent}: {G}ithub's data from a firehose},
  author={Gousios, Georgios and Spinellis, Diomidis},
  booktitle={MSR},
  pages={12--21},
  year={2012},
  organization={IEEE}
}

@inproceedings{vasilescu2013stackoverflow,
  title={{StackOverflow and GitHub}: associations between software development and crowdsourced knowledge},
  author={Vasilescu, Bogdan and Filkov, Vladimir and Serebrenik, Alexander},
  booktitle={SocialCom},
  pages={188--195},
  year={2013},
  organization={IEEE}
}

@inproceedings{lee2013git,
  title={A Git Source Repository Analysis Tool Based on a Novel Branch-Oriented Approach},
  author={Lee, HaeJun and Seo, Bon-Keun and Seo, Euiseong},
  booktitle={ICISA},
  pages={1--4},
  year={2013},
  organization={IEEE}
}

@inproceedings{jiang2013understanding,
  title={Understanding project dissemination on a social coding site},
  author={Jiang, Jing and Zhang, Li and Li, Lei},
  booktitle={WCRE},
  pages={132--141},
  year={2013},
  organization={IEEE}
}

% Grabs data from GitHub directly using their API
@article{schall2013follow,
  title={Who to follow recommendation in large-scale online development communities},
  author={Schall, Daniel},
  journal={Information and Software Technology},
  year={2013},
  publisher={Elsevier}
}

@inproceedings{gousios2013ghtorent,
  title={The {GHTorent} dataset and tool suite},
  author={Gousios, Georgios},
  booktitle={MSR},
  pages={233--236},
  year={2013},
  organization={IEEE}
}

@inproceedings{gousios2014exploratory,
  title={An Exploratory Study of the Pull-based Software Development Model},
  author={Gousios, Georgios and Pinzger, Martin and van Deursen, Arie},
  booktitle={ICSE},
  pages={},
  year={2014},
  organization={ACM}
}

@inproceedings{squire2014forge,
  title={Forge++: The Changing Landscape of {FLOSS} Development},
  author={Squire, Megan},
  booktitle={HICSS47},
  pages={},
  year={2014},
  organization={IEEE}
}

@inproceedings{marlow2013impression,
  title={Impression formation in online peer production: activity traces and personal profiles in {Github}},
  author={Marlow, Jennifer and Dabbish, Laura and Herbsleb, Jim},
  booktitle={CSCW},
  pages={117--128},
  year={2013},
  organization={ACM}
}

@inproceedings{dabbish2012social,
  title={Social coding in {Github}: transparency and collaboration in an open software repository},
  author={Dabbish, Laura and Stuart, Colleen and Tsay, Jason and Herbsleb, Jim},
  booktitle={CSCW},
  pages={1277--1286},
  year={2012},
  organization={ACM}
}

@inproceedings{heller2011visualizing,
  title={Visualizing collaboration and influence in the open-source software community},
  author={Heller, Brandon and Marschner, Eli and Rosenfeld, Evan and Heer, Jeffrey},
  booktitle={MSR},
  pages={223--226},
  year={2011},
  organization={ACM}
}

@inproceedings{thung2013network,
  title={Network Structure of Social Coding in {GitHub}},
  author={Thung, Ferdian and Bissyand{\'e}, Tegawend{\'e} F and Lo, David and Jiang, Lingxiao},
  booktitle={CSMR},
  pages={323--326},
  year={2013},
  organization={IEEE}
}

@incollection{barr2012cohesive,
  title={Cohesive and isolated development with branches},
  author={Barr, Earl T and Bird, Christian and Rigby, Peter C and Hindle, Abram and German, Daniel M and Devanbu, Premkumar},
  booktitle={FASE},
  pages={316--331},
  year={2012},
  publisher={Springer}
}

@inproceedings{allamanis2013mining,
  title={Mining source code repositories at massive scale using language modeling},
  author={Allamanis, Miltiadis and Sutton, Charles},
  booktitle={MSR},
  pages={207--216},
  year={2013},
  organization={IEEE}
}

@inproceedings{pham2013creating,
  title={Creating a shared understanding of testing culture on a social coding site},
  author={Pham, Raphael and Singer, Leif and Liskin, Olga and Figueira Filho, Fernando and Schneider, Kurt},
  booktitle={ICSE},
  pages={112--121},
  year={2013},
  organization={IEEE}
}

@inproceedings{pham2013building,
  title={Building test suites in social coding sites by leveraging drive-by commits},
  author={Pham, Raphael and Singer, Leif and Schneider, Kurt},
  booktitle={ICSE},
  pages={1209--1212},
  year={2013},
  organization={IEEE}
}

@article{gonzalez2012reproducibility,
  title={On the reproducibility of empirical software engineering studies based on data retrieved from development repositories},
  author={Gonz{\'a}lez-Barahona, Jes{\'u}s M and Robles, Gregorio},
  journal={Empirical Software Engineering},
  volume={17},
  number={1-2},
  pages={75--89},
  year={2012},
  publisher={Springer}
}

@inproceedings{wagstrom2013network,
  title={A network of rails: a graph dataset of Ruby on Rails and associated projects},
  author={Wagstrom, Patrick and Jergensen, Corey and Sarma, Anita},
  booktitle={MSR},
  pages={229--232},
  year={2013},
  organization={IEEE}
}

@misc{vasilescu2012meta,
title={Academic papers using {S}tack {O}verflow data},
author={Bogdan Vasilescu},
howpublished = {\url{http://meta.stackoverflow.com/q/134495}},
year = 2012,
}

@INPROCEEDINGS{Codebook,
author={Begel, A. and Yit Phang Khoo and Zimmermann, T.},
booktitle={ICSE},
title={Codebook: discovering and exploiting relationships in software repositories},
year={2010},
pages={125-134},
publisher={IEEE},
}

@inproceedings{Voinea2006Mining,
 author = {Voinea, Lucian and Telea, Alexandru},
 title = {Mining Software Repositories with {CVS}grab},
 booktitle = {MSR},
 year = {2006},
 pages = {167--168},
 publisher = {ACM},
}

@inproceedings{Gruhn2013Security,
 author = {Gruhn, Volker and Hannebauer, Christoph and John, Christian},
 title = {Security of Public Continuous Integration Services},
 booktitle = {WikiSym},
 year = {2013},
 pages = {15:1--15:10},
 articleno = {15},
 numpages = {10},
 publisher = {ACM},
}

@INPROCEEDINGS{Dan2007IaaS,
author={Dan, Asit and Johnson, Robert and Arsanjani, Ali},
booktitle={International Workshop on Systems Development in SOA Environments},
title={Information as a Service: Modeling and Realization},
year={2007},
pages={2},
publisher={IEEE},
}

@incollection{Sowe2007Using,
year={2007},
booktitle={Open Source Development, Adoption and Innovation},
volume={234},
series={IFIP},
title={Using Repository of Repositories ({RoR}s) to Study the Growth of {F/OSS} Projects: A Meta-Analysis Research Approach},
publisher={Springer},
author={Sowe, Sulayman K. and Angelis, L. and Stamelos, I. and Manolopoulos, Y.},
pages={147--160},
}

@article{Howisom2006FLOSSmole,
	title = {{FLOSS}mole: A Collaborative Repository for {FLOSS} Research Data and Analyses},
	journal = {IJIT},
	volume = {1},
	number = {3},
	year = {2006},
	pages = {17--26},
	author = {James Howison and Conklin, Megan and Kevin Crowston}
}
@inproceedings{Dyer-Nguyen-Rajan-Nguyen-13,
   author = {Robert Dyer and Hoan Anh Nguyen and Hridesh Rajan and Tien N. Nguyen},
   title = {Boa: A Language and Infrastructure for Analyzing Ultra-Large-Scale Software Repositories},
   booktitle = {ICSE},
   year = {2013},
   pages = {422--431},
   publisher={IEEE},
}
@inproceedings{pletea2014security,
  title={Security Discussions on {G}it{H}ub: Topic Mining and Sentiment Analysis},
  author={Pletea, Daniel and Vasilescu, Bogdan and Serebrenik, Alexander},
  booktitle={MSR},
  year={2014},
  organization={IEEE}
}
@inproceedings{Poncin2011Process,
  author    = {Wouter Poncin and
               Alexander Serebrenik and
               Mark G. J. van den Brand},
  title     = {Process Mining Software Repositories},
  booktitle = {CSMR},
  year      = {2011},
  pages     = {5--14},
  ee        = {http://dx.doi.org/10.1109/CSMR.2011.5},
  crossref  = {DBLP:conf/csmr/2011},
  bibsource = {DBLP, http://dblp.uni-trier.de}
}
@proceedings{DBLP:conf/csmr/2011,
  editor    = {Tom Mens and
               Yiannis Kanellopoulos and
               Andreas Winter},
  title     = {15th European Conference on Software Maintenance and Reengineering,
               CSMR 2011, 1-4 March 2011, Oldenburg, Germany},
  booktitle = {CSMR},
  publisher = {IEEE Computer Society},
  year      = {2011},
  isbn      = {978-0-7695-4343-7},
  bibsource = {DBLP, http://dblp.uni-trier.de}
}
